@BOOK{History,
 AUTHOR={K. Rawson și E. Shore},
 TITLE={A global history of restaurants},
 PUBLISHER={Reaktion Books Ltd},
 ADDRESS={London},
 YEAR={2019},
 }
@BOOK{Master,
 AUTHOR={H. Cracknell și G. Nobis},
 TITLE={The Evolution of Restaurant Service},
 PUBLISHER={Mastering Restaurant Service},
 ADDRESS={London},
 YEAR={1989}
 }
@conference{city,
    key = {Zija, Kurtanović; Walid, Maalej},
    title = {Automatically Classifying Functional and Non-functional Requirements Using Supervised Machine Learning},
    author = {James Doe},
    booktitle = {Classifying Requirements},
    year = {2017}, 
}
@article{aplication,
    author ={Chunnu, Khawas; Pritam, Shah} ,
    title = {Application of Firebase in Android App Development-A},
    journal ={International Journal of Computer Applications (0975 – 8887)} ,
    year ={2018} ,
}
@book{java,
    author = {James,Gosling;Gilad, Bracha},
    title ={The Java Language Specification} ,
    publisher ={1996-2000 Sun Microsystems, Inc.} ,
    year ={2000} ,
}